@ARTICLE{Luger2021,
       author = { {Luger}, Rodrigo and {Bedell}, Megan and {Foreman-Mackey}, Daniel and {Crossfield}, Ian J.~M. and {Zhao}, Lily L. and {Hogg}, David W.},
        title = "{Mapping stellar surfaces III: An Efficient, Scalable, and Open-Source Doppler Imaging Model}",
      journal = {arXiv e-prints},
     keywords = {Astrophysics - Solar and Stellar Astrophysics, Astrophysics - Earth and Planetary Astrophysics, Astrophysics - Instrumentation and Methods for Astrophysics},
         year = 2021,
        month = oct,
          eid = {arXiv:2110.06271},
        pages = {arXiv:2110.06271},
archivePrefix = {arXiv},
       eprint = {2110.06271},
 primaryClass = {astro-ph.SR},
       adsurl = {https://ui.adsabs.harvard.edu/abs/2021arXiv211006271L},
      adsnote = {Provided by the SAO/NASA Astrophysics Data System}
}

@ARTICLE{Albrecht22,
       author = {{Albrecht}, Simon H. and {Dawson}, Rebekah I. and {Winn}, Joshua N.},
        title = "{Stellar Obliquities in Exoplanetary Systems}",
      journal = {\pasp},
     keywords = {Planet hosting stars, Stellar rotation, Tidal interaction, Exoplanet dynamics, Exoplanet formation, Exoplanet migration, 1242, 1629, 1699, 490, 492, 2205, Astrophysics - Earth and Planetary Astrophysics, Astrophysics - Solar and Stellar Astrophysics},
         year = 2022,
        month = aug,
       volume = {134},
       number = {1038},
          eid = {082001},
        pages = {082001},
          doi = {10.1088/1538-3873/ac6c09},
archivePrefix = {arXiv},
       eprint = {2203.05460},
 primaryClass = {astro-ph.EP},
       adsurl = {https://ui.adsabs.harvard.edu/abs/2022PASP..134h2001A},
      adsnote = {Provided by the SAO/NASA Astrophysics Data System}
}

@ARTICLE{Albrecht21,
       author = {{Albrecht}, Simon H. and {Marcussen}, Marcus L. and {Winn}, Joshua N. and {Dawson}, Rebekah I. and {Knudstrup}, Emil},
        title = "{A Preponderance of Perpendicular Planets}",
      journal = {\apjl},
     keywords = {Exoplanet dynamics, Exoplanet tides, Stellar rotation, Exoplanet astronomy, Planet hosting stars, 490, 497, 1629, 486, 1242, Astrophysics - Earth and Planetary Astrophysics, Astrophysics - Solar and Stellar Astrophysics},
         year = 2021,
        month = jul,
       volume = {916},
       number = {1},
          eid = {L1},
        pages = {L1},
          doi = {10.3847/2041-8213/ac0f03},
archivePrefix = {arXiv},
       eprint = {2105.09327},
 primaryClass = {astro-ph.EP},
       adsurl = {https://ui.adsabs.harvard.edu/abs/2021ApJ...916L...1A},
      adsnote = {Provided by the SAO/NASA Astrophysics Data System}
}

@ARTICLE{Nagpal22,
       author = {{Nagpal}, Vighnesh and {Blunt}, Sarah and {Bowler}, Brendan P. and {Dupuy}, Trent J. and {Nielsen}, Eric L. and {Wang}, Jason J.},
        title = "{The Impact of Bayesian Hyperpriors on the Population-Level Eccentricity Distribution of Imaged Planets}",
      journal = {arXiv e-prints},
     keywords = {Astrophysics - Earth and Planetary Astrophysics, Astrophysics - Instrumentation and Methods for Astrophysics},
         year = 2022,
        month = nov,
          eid = {arXiv:2211.02121},
        pages = {arXiv:2211.02121},
archivePrefix = {arXiv},
       eprint = {2211.02121},
 primaryClass = {astro-ph.EP},
       adsurl = {https://ui.adsabs.harvard.edu/abs/2022arXiv221102121N},
      adsnote = {Provided by the SAO/NASA Astrophysics Data System}
}

@ARTICLE{Fabrycky09,
       author = {{Fabrycky}, Daniel C. and {Winn}, Joshua N.},
        title = "{Exoplanetary Spin-Orbit Alignment: Results from the Ensemble of Rossiter-McLaughlin Observations}",
      journal = {\apj},
     keywords = {celestial mechanics, methods: statistical, planetary systems, stars: rotation, Astrophysics - Earth and Planetary Astrophysics, Astrophysics - Solar and Stellar Astrophysics},
         year = 2009,
        month = may,
       volume = {696},
       number = {2},
        pages = {1230-1240},
          doi = {10.1088/0004-637X/696/2/1230},
archivePrefix = {arXiv},
       eprint = {0902.0737},
 primaryClass = {astro-ph.EP},
       adsurl = {https://ui.adsabs.harvard.edu/abs/2009ApJ...696.1230F},
      adsnote = {Provided by the SAO/NASA Astrophysics Data System}
}

@ARTICLE{Masuda20,
       author = {{Masuda}, Kento and {Winn}, Joshua N.},
        title = "{On the Inference of a Star's Inclination Angle from its Rotation Velocity and Projected Rotation Velocity}",
      journal = {\aj},
     keywords = {Exoplanet astronomy, Stellar rotation, Astrostatistics, 486, 1629, 1882, Astrophysics - Instrumentation and Methods for Astrophysics, Astrophysics - Earth and Planetary Astrophysics, Astrophysics - Solar and Stellar Astrophysics},
         year = 2020,
        month = mar,
       volume = {159},
       number = {3},
          eid = {81},
        pages = {81},
          doi = {10.3847/1538-3881/ab65be},
archivePrefix = {arXiv},
       eprint = {2001.04973},
 primaryClass = {astro-ph.IM},
       adsurl = {https://ui.adsabs.harvard.edu/abs/2020AJ....159...81M},
      adsnote = {Provided by the SAO/NASA Astrophysics Data System}
}

@ARTICLE{Beague12,
       author = {{Beaug{\'e}}, C. and {Nesvorn{\'y}}, D.},
        title = "{Multiple-planet Scattering and the Origin of Hot Jupiters}",
      journal = {\apj},
     keywords = {methods: numerical, planets and satellites: general, planet-star interactions, Astrophysics - Earth and Planetary Astrophysics},
         year = 2012,
        month = jun,
       volume = {751},
       number = {2},
          eid = {119},
        pages = {119},
          doi = {10.1088/0004-637X/751/2/119},
archivePrefix = {arXiv},
       eprint = {1110.4392},
 primaryClass = {astro-ph.EP},
       adsurl = {https://ui.adsabs.harvard.edu/abs/2012ApJ...751..119B},
      adsnote = {Provided by the SAO/NASA Astrophysics Data System}
}

@ARTICLE{Hoffman11,
       author = {{Hoffman}, Matthew D. and {Gelman}, Andrew},
        title = "{The No-U-Turn Sampler: Adaptively Setting Path Lengths in Hamiltonian Monte Carlo}",
      journal = {arXiv e-prints},
     keywords = {Statistics - Computation, Computer Science - Machine Learning},
         year = 2011,
        month = nov,
          eid = {arXiv:1111.4246},
        pages = {arXiv:1111.4246},
archivePrefix = {arXiv},
       eprint = {1111.4246},
 primaryClass = {stat.CO},
       adsurl = {https://ui.adsabs.harvard.edu/abs/2011arXiv1111.4246H},
      adsnote = {Provided by the SAO/NASA Astrophysics Data System}
}

@MISC{pymc,
       author = {{Wiecki}, Thomas and {Salvatier}, John and {Patil}, Anand and {Kochurov}, Maxim and {Vieira}, Ricardo and {Engels}, Bill and {Lao}, Junpeng and {Carroll}, Colin and {Martin}, Osvaldo A and {Osthege}, Michael and {Willard}, Brandon T. and {Seyboldt}, Adrian and {Rochford}, Austin and {Rpgoldman} and {Paz}, Luciano and {Meyer}, Kyle and {Coyle}, Peadar and {Gorelli}, Marco Edward and {Kumar}, Ravin and {Abril-Pla}, Oriol and {Yoshioka}, Taku and {Ho}, George and {Kluyver}, Thomas and {Beauchamp}, Kyle and {Andorra}, Alexandre and {Pananos}, Demetri and {Spaak}, Eelke and {Edwards}, Benjamin and {Ma}, Eric and {Domenzain}, Luis Mario},
        title = "{pymc-devs/pymc:}",
 howpublished = {Zenodo},
         year = 2022,
        month = aug,
          eid = {10.5281/zenodo.7467113},
          doi = {10.5281/zenodo.7467113},
      version = {v4.1.7},
    publisher = {Zenodo},
          url = {https://doi.org/10.5281/zenodo.7467113}
}

@article{arviz_2019,
    doi = {10.21105/joss.01143},
    url = {https://doi.org/10.21105/joss.01143},
    year = {2019},
    publisher = {The Open Journal},
    volume = {4},
    number = {33},
    pages = {1143},
    author = {Ravin Kumar and Colin Carroll and Ari Hartikainen and Osvaldo Martin},
    title = {ArviZ a unified library for exploratory analysis of Bayesian models in Python},
    journal = {Journal of Open Source Software}
}

@inproceedings{kluy16,
       booktitle = {Positioning and Power in Academic Publishing: Players, Agents and Agendas},
          editor = {Fernando Loizides and Birgit Scmidt},
           title = {Jupyter Notebooks - a publishing format for reproducible computational workflows},
          author = {Thomas Kluyver and Benjamin Ragan-Kelley and Fernando P{\'e}rez and Brian Granger and Matthias Bussonnier and Jonathan Frederic and Kyle Kelley and Jessica Hamrick and Jason Grout and Sylvain Corlay and Paul Ivanov and Dami{\'a}n Avila and Safia Abdalla and Carol Willing and  Jupyter development team},
       publisher = {IOS Press},
         address = {Netherlands},
            year = {2016},
           pages = {87--90},
             url = {https://eprints.soton.ac.uk/403913/},
        abstract = {It is increasingly necessary for researchers in all fields to write computer code, and in order to reproduce research results, it is important that this code is published. We present Jupyter notebooks, a document format for publishing code, results and explanations in a form that is both readable and executable. We discuss various tools and use cases for notebook documents.}
}

@MISC{Matplotlib16,
       author = {{Droettboom}, Michael and {Hunter}, John and {Caswell}, Thomas A and
         {Firing}, Eric and {Nielsen}, Jens Hedegaard and {Elson}, Phil and
         {Root}, Benjamin and {Dale}, Darren and {Lee}, Jae-Joon and
         {Sepp{\"a}nen}, Jouni K and {McDougall}, Damon and {Straw}, Andrew and
         {May}, Ryan and {Varoquaux}, Nelle and {Yu}, Tony S and {Ma}, Eric and
         {Moad}, Charlie and {Silvester}, Steven and {Gohlke}, Christoph and
         {W{\"u}rtz}, Peter and {Hisch}, Thomas and {Ariza}, Federico and
         {Cimarron} and {Thomas}, Ian and {Evans}, James and {Ivanov}, Paul and
         {Whitaker}, Jeff and {Hobson}, Paul and {mdehoon} and {Giuca}, Matt},
        title = "{Matplotlib: Matplotlib V1.5.1}",
         year = "2016",
        month = "Jan",
          eid = {10.5281/zenodo.44579},
          doi = {10.5281/zenodo.44579},
      version = {v1.5.1},
    publisher = {Zenodo},
       adsurl = {https://ui.adsabs.harvard.edu/abs/2016zndo.....44579D},
      adsnote = {Provided by the SAO/NASA Astrophysics Data System}
}

@ARTICLE{Matplotlib07,
       author = {{Hunter}, John D.},
        title = "{Matplotlib: A 2D Graphics Environment}",
      journal = {Computing in Science and Engineering},
     keywords = {Python, Scripting languages, Application development, Scientific programming},
         year = "2007",
        month = "May",
       volume = {9},
       number = {3},
        pages = {90-95},
          doi = {10.1109/MCSE.2007.55},
       adsurl = {https://ui.adsabs.harvard.edu/abs/2007CSE.....9...90H},
      adsnote = {Provided by the SAO/NASA Astrophysics Data System}
}

@ARTICLE{NumPy11,
       author = {{van der Walt}, St{\'e}fan and {Colbert}, S. Chris and
         {Varoquaux}, Ga{\"e}l},
        title = "{The NumPy Array: A Structure for Efficient Numerical Computation}",
      journal = {Computing in Science and Engineering},
     keywords = {Computer Science - Mathematical Software},
         year = "2011",
        month = "Mar",
       volume = {13},
       number = {2},
        pages = {22-30},
          doi = {10.1109/MCSE.2011.37},
archivePrefix = {arXiv},
       eprint = {1102.1523},
 primaryClass = {cs.MS},
       adsurl = {https://ui.adsabs.harvard.edu/abs/2011CSE....13b..22V},
      adsnote = {Provided by the SAO/NASA Astrophysics Data System}
}

@ARTICLE{NumPy20,
       author = {{Harris}, Charles R. and {Jarrod Millman}, K. and
         {van der Walt}, St{\'e}fan J. and {Gommers}, Ralf and
         {Virtanen}, Pauli and {Cournapeau}, David and {Wieser}, Eric and
         {Taylor}, Julian and {Berg}, Sebastian and {Smith}, Nathaniel J. and
         {Kern}, Robert and {Picus}, Matti and {Hoyer}, Stephan and
         {van Kerkwijk}, Marten H. and {Brett}, Matthew and {Haldane}, Allan and
         {Fern{\'a}ndez del R{\'\i}o}, Jaime and {Wiebe}, Mark and
         {Peterson}, Pearu and {G{\'e}rard-Marchant}, Pierre and
         {Sheppard}, Kevin and {Reddy}, Tyler and {Weckesser}, Warren and
         {Abbasi}, Hameer and {Gohlke}, Christoph and {Oliphant}, Travis E.},
        title = "{Array Programming with NumPy}",
      journal = {arXiv e-prints},
     keywords = {Computer Science - Mathematical Software, Statistics - Computation},
         year = 2020,
        month = jun,
          eid = {arXiv:2006.10256},
        pages = {arXiv:2006.10256},
archivePrefix = {arXiv},
       eprint = {2006.10256},
 primaryClass = {cs.MS},
       adsurl = {https://ui.adsabs.harvard.edu/abs/2020arXiv200610256H},
      adsnote = {Provided by the SAO/NASA Astrophysics Data System}
}

@inproceedings{Jupyter,
       booktitle = {Positioning and Power in Academic Publishing: Players, Agents and Agendas},
          editor = {Fernando Loizides and Birgit Scmidt},
           title = {Jupyter Notebooks - a publishing format for reproducible computational workflows},
          author = {Thomas Kluyver and Benjamin Ragan-Kelley and Fernando P{\'e}rez and Brian Granger and Matthias Bussonnier and Jonathan Frederic and Kyle Kelley and Jessica Hamrick and Jason Grout and Sylvain Corlay and Paul Ivanov and Dami{\'a}n Avila and Safia Abdalla and Carol Willing and  Jupyter development team},
       publisher = {IOS Press},
         address = {Netherlands},
            year = {2016},
           pages = {87--90},
             url = {https://eprints.soton.ac.uk/403913/},
        abstract = {It is increasingly necessary for researchers in all fields to write computer code, and in order to reproduce research results, it is important that this code is published. We present Jupyter notebooks, a document format for publishing code, results and explanations in a form that is both readable and executable. We discuss various tools and use cases for notebook documents.}
}

@ARTICLE{Neal12,
       author = {{Neal}, Radford M.},
        title = "{MCMC using Hamiltonian dynamics}",
      journal = {arXiv e-prints},
     keywords = {Statistics - Computation, Physics - Computational Physics},
         year = 2012,
        month = jun,
          eid = {arXiv:1206.1901},
        pages = {arXiv:1206.1901},
archivePrefix = {arXiv},
       eprint = {1206.1901},
 primaryClass = {stat.CO},
       adsurl = {https://ui.adsabs.harvard.edu/abs/2012arXiv1206.1901N},
      adsnote = {Provided by the SAO/NASA Astrophysics Data System}
}

@ARTICLE{2020SciPy-NMeth,
  author  = {Virtanen, Pauli and Gommers, Ralf and Oliphant, Travis E. and
            Haberland, Matt and Reddy, Tyler and Cournapeau, David and
            Burovski, Evgeni and Peterson, Pearu and Weckesser, Warren and
            Bright, Jonathan and {van der Walt}, St{\'e}fan J. and
            Brett, Matthew and Wilson, Joshua and Millman, K. Jarrod and
            Mayorov, Nikolay and Nelson, Andrew R. J. and Jones, Eric and
            Kern, Robert and Larson, Eric and Carey, C J and
            Polat, {\.I}lhan and Feng, Yu and Moore, Eric W. and
            {VanderPlas}, Jake and Laxalde, Denis and Perktold, Josef and
            Cimrman, Robert and Henriksen, Ian and Quintero, E. A. and
            Harris, Charles R. and Archibald, Anne M. and
            Ribeiro, Ant{\^o}nio H. and Pedregosa, Fabian and
            {van Mulbregt}, Paul and {SciPy 1.0 Contributors}},
  title   = {{{SciPy} 1.0: Fundamental Algorithms for Scientific
            Computing in Python}},
  journal = {Nature Methods},
  year    = {2020},
  volume  = {17},
  pages   = {261--272},
  adsurl  = {https://rdcu.be/b08Wh},
  doi     = {10.1038/s41592-019-0686-2},
}

@software{reback2020pandas,
    author       = {The pandas development team},
    title        = {pandas-dev/pandas: Pandas},
    month        = feb,
    year         = 2020,
    publisher    = {Zenodo},
    version      = {latest},
    doi          = {10.5281/zenodo.3509134},
    url          = {https://doi.org/10.5281/zenodo.3509134}
}

@InProceedings{ mckinney-proc-scipy-2010,
  author    = { {W}es {M}c{K}inney },
  title     = { {D}ata {S}tructures for {S}tatistical {C}omputing in {P}ython },
  booktitle = { {P}roceedings of the 9th {P}ython in {S}cience {C}onference },
  pages     = { 56 - 61 },
  year      = { 2010 },
  editor    = { {S}t\'efan van der {W}alt and {J}arrod {M}illman },
  doi       = { 10.25080/Majora-92bf1922-00a }
}